@online{ptorch,
    author  = {Suraj Subramanian and Seth Juarez and Cassie Breviu and Dmitry Soshnikov and Ari Bornstein},
    title   = {PyTorch Tutorials: Beginner Basics},
    year    = {2021},
    month   = feb,
    url     = {https://docs.pytorch.org/tutorials/beginner/basics/intro.html},
    urldate = {2025-10-26},
}
